@Book{book:Lvov,
  author    = {Львовский Сергей Михайлович},
  date      = {2003-09-10},
  title     = {Набор и верстка в системе LATEX},
  isbn      = {ISBN 5-94057-091-7},
  pages     = {448},
  publisher = {Москва : МЦНМО, 2003 (ГУП ИПК Ульян. Дом печати)},
}

@Online{url:SAE_J3016,
  title   = {Taxonomy and Definitions for Terms Related to Driving Automation 
  Systems for On-Road Motor Vehicles. [Электронный ресурс]},
  url     = {https://www.sae.org/standards/content/j3016_202104/},
  urldate = {2023-10-14},
}

@Electronic{2021,
  date  = {2021},
  title = {10 million vehicles with pedestrian emergency braking system.},
  url   = {https://group.mercedes-benz.com/innovation/product-innovation/technology/pedestrian-emergency-braking-system.html},
}

@Electronic{2023,
  date  = {2023},
  title = {Collision Avoidance Assist},
  url   = {https://www.tesla.com/ownersmanual/model3/en_us/GUID-8EA7EF10-7D27-42AC-A31A-96BCE5BC0A85.html#CONCEPT_E2T_MSQ_34},
}

@Electronic{2009,
  date  = {2009},
  title = {VOLVO'S NEW AUTOMATIC BRAKING TECHOLOGY - RESPONDING TO BOTH VEHICLES AND PEDESTRIANS},
  url   = {https://www.media.volvocars.com/uk/en-gb/media/pressreleases/30668?preview=true&t=0b8aa4b9-c288-42bb-bbde-e7454fb9d93f},
}

@Electronic{2023a,
  date  = {2023-11-15},
  title = {Extended Kalman filter},
  url   = {https://en.wikipedia.org/wiki/Extended_Kalman_filter},
}

 
@InProceedings{Bose2007,
  author    = {Bose, Biswajit and Wang, Xiaogang and Grimson, Eric},
  booktitle = {2007 IEEE Conference on Computer Vision and Pattern Recognition},
  date      = {2007-06},
  title     = {Multi-class object tracking algorithm that handles fragmentation and grouping},
  doi       = {10.1109/cvpr.2007.383175},
  publisher = {IEEE},
}

 
@Article{Luo2021,
  author       = {Luo, Wenhan and Xing, Junliang and Milan, Anton and Zhang, Xiaoqin and Liu, Wei and Kim, Tae-Kyun},
  date         = {2021-04},
  journaltitle = {Artificial Intelligence},
  title        = {Multiple object tracking: A literature review},
  doi          = {10.1016/j.artint.2020.103448},
  issn         = {0004-3702},
  volume       = {293},
  pagetotal    = {103448},
  publisher    = {Elsevier BV},
}

 
@InProceedings{Mitzel2011,
  author    = {Mitzel, Dennis and Leibe, Bastian},
  booktitle = {2011 IEEE International Conference on Computer Vision Workshops (ICCV Workshops)},
  date      = {2011-11},
  title     = {Real-time multi-person tracking with detector assisted structure propagation},
  doi       = {10.1109/iccvw.2011.6130357},
  publisher = {IEEE},
}

 
@InProceedings{Rodriguez2011,
  author    = {Rodriguez, Mikel and Sivic, Josef and Laptev, Ivan and Audibert, Jean-Yves},
  booktitle = {2011 International Conference on Computer Vision},
  date      = {2011-11},
  title     = {Data-driven crowd analysis in videos},
  doi       = {10.1109/iccv.2011.6126374},
  publisher = {IEEE},
}

 
@InBook{Song2010,
  author    = {Song, Bi and Jeng, Ting-Yueh and Staudt, Elliot and Roy-Chowdhury, Amit K.},
  booktitle = {Lecture Notes in Computer Science},
  date      = {2010},
  title     = {A Stochastic Graph Evolution Framework for Robust Multi-target Tracking},
  doi       = {10.1007/978-3-642-15549-9_44},
  isbn      = {9783642155499},
  pages     = {605--619},
  publisher = {Springer Berlin Heidelberg},
  issn      = {1611-3349},
}

@Misc{Steckhan2022,
  author  = {Steckhan, Lorenz},
  date    = {2022},
  editor  = {Wolfgang Spiessl and Nils Quetschlich and Klaus Bengler},
  title   = {Beyond SAE J3016: New Design Spaces for Human-Centered Driving Automation},
  pages   = {416-434},
  ppn_gvk = {1845572610},
}

@Misc{Tang2016,
  author       = {Bo Tang and Stanley Chien and Zhi Huang and Yaobin Chen},
  date         = {2016},
  title        = {Pedestrian protection using the integration of V2V and the Pedestrian Automatic Emergency Braking System},
  doi          = {10.1109/itsc.2016.7795913},
  journaltitle = {2016 IEEE 19th International Conference on Intelligent Transportation Systems (ITSC)},
  publisher    = {IEEE},
}

 
@InProceedings{Xiang2015,
  author    = {Xiang, Yu and Alahi, Alexandre and Savarese, Silvio},
  booktitle = {2015 IEEE International Conference on Computer Vision (ICCV)},
  date      = {2015-12},
  title     = {Learning to Track: Online Multi-object Tracking by Decision Making},
  doi       = {10.1109/iccv.2015.534},
  publisher = {IEEE},
}

 
@InProceedings{Yang2011,
  author    = {Yang, Bo and Huang, Chang and Nevatia, Ram},
  booktitle = {CVPR 2011},
  date      = {2011-06},
  title     = {Learning affinities and dependencies for multi-target tracking using a CRF model},
  doi       = {10.1109/cvpr.2011.5995587},
  publisher = {IEEE},
}

 
@InProceedings{Yang2009,
  author    = {Yang, Ming and Fengjun Lv and Wei Xu and Yihong Gong},
  booktitle = {2009 IEEE 12th International Conference on Computer Vision},
  date      = {2009-09},
  title     = {Detection driven adaptive multi-cue integration for multiple human tracking},
  doi       = {10.1109/iccv.2009.5459252},
  publisher = {IEEE},
}

 
@InProceedings{Zhang2013,
  author    = {Zhang, Lu and van der Maaten, Laurens},
  booktitle = {2013 IEEE Conference on Computer Vision and Pattern Recognition},
  date      = {2013-06},
  title     = {Structure Preserving Object Tracking},
  doi       = {10.1109/cvpr.2013.240},
  publisher = {IEEE},
}

@Comment{jabref-meta: databaseType:biblatex;}
